
@book{martin_clean_nodate,
	title = {Clean Code},
	isbn = {978-0-13-235088-4},
	series = {Robert C. Martin Series},
	author = {Martin, Robert C.},
}

@online{nerd_how_2012,
	title = {How to quit {VIM}},
	rights = {No Rights},
	url = {https://stackoverflow.com/questions/11828270/how-do-i-exit-vim},
	shorttitle = {Short Title},
	abstract = {Tells the guy to type :q},
	titleaddon = {{StackOverflow}},
	author = {{Nerd}, {Clever}},
	urldate = {2000-01-01},
	date = {2012-04-20},
}